@misc{nakamoto2012bitcoin,
  author = {Nakamoto, Satoshi},
  title = {Bitcoin: A peer-to-peer electronic cash system},
  url = {http://www.bitcoin.org/bitcoin.pdf},
  year = 2009
}

@inproceedings{grassi2021poseidon,
  title={Poseidon: A New Hash Function for Zero-Knowledge Proof Systems},
  author={Grassi, Lorenzo and Khovratovich, Dmitry and Rechberger, Christian and Roy, Arnab and Schofnegger, Markus},
  booktitle={30th USENIX Security Symposium (USENIX Security 21)},
  pages={519--535},
  year={2021}
}

@article{gabizon2019plonk,
  title={Plon{K}: Permutations over lagrange-bases for oecumenical noninteractive arguments of knowledge},
  author={Gabizon, Ariel and Williamson, Zachary J and Ciobotaru, Oana},
  journal={Cryptology ePrint Archive},
  year={2019}
}

@inproceedings{kate2010constant,
  title={Constant-size commitments to polynomials and their applications},
  author={Kate, Aniket and Zaverucha, Gregory M and Goldberg, Ian},
  booktitle={International conference on the theory and application of cryptology and information security},
  pages={177--194},
  year={2010},
  organization={Springer}
}

@inproceedings{fuchsbauer2018algebraic,
  title={The algebraic group model and its applications},
  author={Fuchsbauer, Georg and Kiltz, Eike and Loss, Julian},
  booktitle={Annual International Cryptology Conference},
  pages={33--62},
  year={2018},
  organization={Springer}
}

@misc{rfc7693,
	series =	{Request for Comments},
	number =	7693,
	howpublished =	{RFC 7693},
	publisher =	{RFC Editor},
	note =		{Available online: \url{ https://www.rfc-editor.org/info/rfc7693} (accessed on 1 June 2022)},
        author =	{Markku-Juhani O. Saarinen and Jean-Philippe Aumasson},
	title =		{{The BLAKE2 Cryptographic Hash and Message Authentication Code (MAC)}},
	pagetotal =	30,
	year =		2015,
	month =		nov,
}

@article{diffie1976new,
  title={New directions in cryptography},
  author={Diffie, Whitfield and Hellman, Martin},
  journal={IEEE Transactions on Information Theory},
  volume={22},
  number={6},
  pages={644--654},
  year={1976},
  publisher={IEEE}
}

@article{van2013cryptonote,
  title={CryptoNote v 2.0},
  author={Van Saberhagen, Nicolas},
  year={2013}
}

@inproceedings{schnorr1989efficient,
  title={Efficient identification and signatures for smart cards},
  author={Schnorr, Claus-Peter},
  booktitle={Conference on the Theory and Application of Cryptology},
  pages={239--252},
  year={1989},
  organization={Springer}
}

@inproceedings{fiat1986prove,
  title={How to prove yourself: Practical solutions to identification and signature problems},
  author={Fiat, Amos and Shamir, Adi},
  booktitle={Conference on the theory and application of cryptographic techniques},
  pages={186--194},
  year={1986},
  organization={Springer}
}

@inproceedings{pointcheval1996security,
  title={Security proofs for signature schemes},
  author={Pointcheval, David and Stern, Jacques},
  booktitle={International conference on the theory and applications of cryptographic techniques},
  pages={387--398},
  year={1996},
  organization={Springer}
}

@inproceedings{pedersen1991non,
  title={Non-interactive and information-theoretic secure verifiable secret sharing},
  author={Pedersen, Torben Pryds},
  booktitle={Annual international cryptology conference},
  pages={129--140},
  year={1991},
  organization={Springer}
}

@article{bertoni2011cryptographic,
  title={Cryptographic sponges},
  author={Bertoni, Guido and Daemen, Joan and Peeters, Micha{\"e}l and Van Assche, Gilles},
  npte={Available online: \url{https://keccak.team/files/CSF-0.1.pdf} (accessed on 1 June 2022)},
  year={2011}
}

@article{nakamoto2008bitcoin,
  title={Bitcoin: A peer-to-peer electronic cash system},
  author={Nakamoto, Satoshi},
  journal={Decentralized Business Review},
  year={2008}
}

@article{hopwood2016zcash,
  title={Zcash protocol specification},
  author={Hopwood, Daira and Bowe, Sean and Hornby, Taylor and Wilcox, Nathan},
  journal={GitHub: San Francisco, CA, USA},
  pages={1},
  year={2016}
}

@misc{cryptoeprint:2017/1066,
      author = {Benedikt Bünz and Jonathan Bootle and Dan Boneh and Andrew Poelstra and Pieter Wuille and Greg Maxwell},
      title = {Bulletproofs: Short Proofs for Confidential Transactions and More},
      howpublished = {Cryptology ePrint Archive, Paper 2017/1066},
      year = {2017},
      note = {\url{https://eprint.iacr.org/2017/1066}},
      url = {https://eprint.iacr.org/2017/1066}
}

@inproceedings{sasson2014zerocash,
  title={Zerocash: Decentralized anonymous payments from bitcoin},
  author={Sasson, Eli Ben and Chiesa, Alessandro and Garman, Christina and Green, Matthew and Miers, Ian and Tromer, Eran and Virza, Madars},
  booktitle={2014 IEEE symposium on security and privacy},
  pages={459--474},
  year={2014},
  organization={IEEE}
}

@misc{gdpr,
  author       = {},
  title        = {Regulation ({EU}) 2016/679 of the {E}uropean {P}arliament and of the {C}ouncil of 27 {A}pril 2016 on the protection of natural persons with regard to the processing of personal data and on the free movement of such data, and repealing {D}irective 95/46/{EC} ({G}eneral {D}ata {P}rotection {R}egulation) ({T}ext with {EEA} relevance)},
  note={Available online: \url{http://data.europa.eu/eli/reg/2016/679/oj} (accessed on 1 June 2022)}
}

@inproceedings{mixer,
author = {Tran, Muoi and Luu, Loi and Kang, Min Suk and Bentov, Iddo and Saxena, Prateek},
title = {Obscuro: A Bitcoin Mixer Using Trusted Execution Environments},
year = {2018},
isbn = {9781450365697},
publisher = {Association for Computing Machinery},
address = {New York, NY, USA},
url = {https://doi.org/10.1145/3274694.3274750},
doi = {10.1145/3274694.3274750},
booktitle = {Proceedings of the 34th Annual Computer Security Applications Conference},
pages = {692–701},
numpages = {10},
keywords = {Trusted Execution Environments, Mixer, Intel SGX, Bitcoin, Anonymity},
location = {San Juan, PR, USA},
series = {ACSAC '18}
}

@misc{ccpa,
  author       = {},
  howpublished = {An act to add {T}itle 1.81.5 (commencing with {S}ection 1798.100) to {P}art 4 of {D}ivision 3 of the {C}ivil {C}ode, relating to privacy.},
  title        = {{AB}-375 {P}rivacy: personal information: businesses.},
  year         = {2018},
  note={Available online: \url{https://leginfo.legislature.ca.gov/faces/billTextClient.xhtml?bill_id=201720180AB375} (accessed on 1 June 2022)}
}

@misc{ethereum,
  author       = {Dr. Gavin Wood},
  title        = {Ethereum: A Secure Decentralised Generalised Transaction Ledger - Berlin Version},
  year         = {2022},
  url={https://ethereum.github.io/yellowpaper/paper.pdf}
}

@misc{phoenix-doc,
	author       = {Dusk},
	title        = {The {P}hoenix transaction model},
	year         = {2023},
	url={https://github.com/dusk-network/phoenix-core/blob/master/docs/protocol-description.pdf}
}

@incollection{reid2013analysis,
  title={An analysis of anonymity in the bitcoin system},
  author={Reid, Fergal and Harrigan, Martin},
  booktitle={Security and privacy in social networks},
  pages={197--223},
  year={2013},
  publisher={Springer}
}

@incollection{herrera2014research,
  title={Research and challenges on bitcoin anonymity},
  author={Herrera-Joancomart{\'\i}, Jordi},
  booktitle={Data privacy management, autonomous spontaneous security, and security assurance},
  pages={3--16},
  year={2014},
  publisher={Springer}
}

@inproceedings{bonneau2014mixcoin,
  title={Mixcoin: Anonymity for bitcoin with accountable mixes},
  author={Bonneau, Joseph and Narayanan, Arvind and Miller, Andrew and Clark, Jeremy and Kroll, Joshua A and Felten, Edward W},
  booktitle={International Conference on Financial Cryptography and Data Security},
  pages={486--504},
  year={2014},
  organization={Springer}
}

@inproceedings{groth2016size,
  title={On the size of pairing-based non-interactive arguments},
  author={Groth, Jens},
  booktitle={Annual international conference on the theory and applications of cryptographic techniques},
  pages={305--326},
  year={2016},
  organization={Springer}
}

@inproceedings{bootle2016efficient,
  title={Efficient zero-knowledge arguments for arithmetic circuits in the discrete log setting},
  author={Bootle, Jonathan and Cerulli, Andrea and Chaidos, Pyrros and Groth, Jens and Petit, Christophe},
  booktitle={Annual International Conference on the Theory and Applications of Cryptographic Techniques},
  pages={327--357},
  year={2016},
  organization={Springer}
}

@inproceedings{gennaro2013quadratic,
  title={Quadratic span programs and succinct NIZKs without PCPs},
  author={Gennaro, Rosario and Gentry, Craig and Parno, Bryan and Raykova, Mariana},
  booktitle={Annual International Conference on the Theory and Applications of Cryptographic Techniques},
  pages={626--645},
  year={2013},
  organization={Springer}
}

@inproceedings{danezis2014square,
  title={Square span programs with applications to succinct NIZK arguments},
  author={Danezis, George and Fournet, C{\'e}dric and Groth, Jens and Kohlweiss, Markulf},
  booktitle={International Conference on the Theory and Application of Cryptology and Information Security},
  pages={532--550},
  year={2014},
  organization={Springer}
}

@article{goodell2019concise,
  title={Concise Linkable Ring Signatures and Forgery Against Adversarial Keys},
  author={Goodell, Brandon and Noether, Sarang and Blue, Arthur},
  journal={Cryptology ePrint Archive},
  year={2019}
}

@incollection{noether2020triptych,
  title={Triptych: logarithmic-sized linkable ring signatures with applications},
  author={Noether, Sarang and Goodell, Brandon},
  booktitle={Data Privacy Management, Cryptocurrencies and Blockchain Technology},
  pages={337--354},
  year={2020},
  publisher={Springer}
}

@article{duskWhitepaper,
  title={The {D}usk {N}etwork Whitepaper},
  author={Maharramov, Toghrul and Khovratovich, Dmitry and Francioni, Emanuele},
  note={Available online: \url{https://dusk.network/uploads/The_Dusk_Network_Whitepaper_v3_0_0.pdf} (accessed on 1 June 2022)}
}

@article{duskXSC,
  title={Confidential Security Contract Standard},
  author={Maharramov, Toghrul},
  note={Available online: \url{ https://dusk.network/uploads/Confidential_Security_Contract_Standard_v2_0.pdf} (accessed on 1 June 2022)}
}

@article{duskDmitry,
  title={Encryption with {P}oseidon},
  author={Khovratovich, Dmitry},
  note={Available online: \url{https://dusk.network/uploads/Encryption-with-Poseidon.pdf} (accessed on 1 June 2022)}
}

@article{zcashBLS,
  title={Implementation of the {BLS}12-381 pairing-friendly elliptic curve construction},
  author={Bowe, Sean and Grigg, Jack},
  note={Available online: \url{https://github.com/zkcrypto/bls12_381} (accessed on 1 June 2022)}
}

@article{zcashJubJub,
  title={Implementation of the {J}ubjub elliptic curve group},
  author={Bowe, Sean and Ogilvie-Wigley, Eirik and and Grigg, Jack},
  note={Available online: \url{https://github.com/zkcrypto/jubjub} (accessed on 1 June 2022)}
}

@book{katz2020introduction,
  title={Introduction to modern cryptography},
  author={Katz, Jonathan and Lindell, Yehuda},
  year={2020},
  publisher={CRC press}
}

@inproceedings{merkle1987digital,
  title={A digital signature based on a conventional encryption function},
  author={Merkle, Ralph C},
  booktitle={Conference on the theory and application of cryptographic techniques},
  pages={369--378},
  year={1987},
  organization={Springer}
}



@misc{dusk-phoenix-core,
	author = {{Dusk~Network}{}},
	title = {Phoenix Core},
	howpublished = {GitHub},
	note = {Available online: \url{https://github.com/dusk-network/phoenix-core} (accessed on 1 June 2022)},
}

@misc{dusk-rusk,
	author = {{Dusk~Network}{}},
	title = {Rusk},
	howpublished = {GitHub},
	note = {Available online: \url{https://github.com/dusk-network/rusk} (accessed on 1 June 2022)},
}

@misc{dusk-plonk,
	author = {{Dusk~Network}{}},
	title = {PlonK},
	howpublished = {GitHub},
	note = {Available online: \url{https://github.com/dusk-network/plonk} (accessed on 1 June 2022)},
}

@misc{dusk-genesis,
	author = {{Victor Lopez}{}},
	title = {Rusk: {D}usk genesis circuits},
	howpublished = {GitHub},
	note = {Available online: \url{https://github.com/dusk-network/rusk/blob/master/circuits/transfer/doc/dusk-genesis-circuits.pdf} (accessed on 12 January 2023)},
}