@inproceedings{bitansky2012extractable,
  title={From extractable collision resistance to succinct non-interactive arguments of knowledge, and back again},
  author={Bitansky, Nir and Canetti, Ran and Chiesa, Alessandro and Tromer, Eran},
  booktitle={Proceedings of the 3rd Innovations in Theoretical Computer Science Conference},
  pages={326--349},
  year={2012}
}

@inproceedings{valiant2008incrementally,
  title={Incrementally verifiable computation or proofs of knowledge imply time/space efficiency},
  author={Valiant, Paul},
  booktitle={Theory of Cryptography Conference},
  pages={1--18},
  year={2008},
  organization={Springer}
}

@inproceedings{grassi2021poseidon,
  title={Poseidon: A New Hash Function for Zero-Knowledge Proof Systems.},
  author={Grassi, Lorenzo and Khovratovich, Dmitry and Rechberger, Christian and Roy, Arnab and Schofnegger, Markus},
  booktitle={USENIX Security Symposium},
  volume={2021},
  year={2021}
}

@inproceedings{schnorr1990efficient,
  title={Efficient identification and signatures for smart cards},
  author={Schnorr, Claus-Peter},
  booktitle={Advances in Cryptology—CRYPTO’89 Proceedings 9},
  pages={239--252},
  year={1990},
  organization={Springer}
}

@article{duskDmitry,
  title={Encryption with {P}oseidon},
  author={Khovratovich, Dmitry},
  note={Available online: \url{https://dusk.network/uploads/Encryption-with-Poseidon.pdf} (accessed on 1 June 2022)}
}

@article{gabizon2019plonk,
  title={Plon{K}: Permutations over lagrange-bases for oecumenical noninteractive arguments of knowledge},
  author={Gabizon, Ariel and Williamson, Zachary J and Ciobotaru, Oana},
  journal={Cryptology ePrint Archive},
  year={2019}
}

@article{bip39,
  author          = {Palatinus, Marek and Rusnak, Pavol and Voisine, Aaron and Bowe, Sean},
  title           = {{BIP}-39: {M}nemonic code for generating deterministic keys},
  year            = {2013},
  url             = {https://github.com/bitcoin/bips/blob/master/bip-0039.mediawiki}
}

@inproceedings{catalano2013vector,
  title={Vector commitments and their applications},
  author={Catalano, Dario and Fiore, Dario},
  booktitle={Public-Key Cryptography--PKC 2013: 16th International Conference on Practice and Theory in Public-Key Cryptography, Nara, Japan, February 26--March 1, 2013. Proceedings 16},
  pages={55--72},
  year={2013},
  organization={Springer}
}

@inproceedings{benarroch2021zero,
  title={Zero-knowledge proofs for set membership: efficient, succinct, modular},
  author={Benarroch, Daniel and Campanelli, Matteo and Fiore, Dario and Gurkan, Kobi and Kolonelos, Dimitris},
  booktitle={Financial Cryptography and Data Security: 25th International Conference, FC 2021, Virtual Event, March 1--5, 2021, Revised Selected Papers, Part I},
  pages={393--414},
  year={2021},
  organization={Springer}
}